2850 4784
469 214 613 270 Somnium
631 212 772 284 Scipionis
791 213 832 267 III
851 219 930 269 6-7.
1243 213 1283 277 17

109 406 208 470 quam
233 404 249 447 θ
269 401 395 447 carcere
414 379 631 460 evolaverunt,
653 378 763 441 vestra
780 397 857 440 vero
876 396 957 460 quae
976 374 1093 440 dicitur
1110 376 1179 441 vita
1197 398 1285 442 mors

111 478 170 538 est.
208 471 294 548 Quin
316 474 353 534 tu
376 466 495 550 aspicis
519 467 560 530 ed
582 469 615 529 te
633 465 817 529 venientem
834 464 974 529 Paulum
992 463 1159 546 patrem?'
1184 463 1286 539 Quem

111 565 150 626 ut
172 559 248 644 vidi,
272 557 420 642 equidem
445 555 509 618 vim
533 554 740 619 lacrimarum
763 552 904 635 profudi,
926 552 982 617 ille
1003 555 1111 617 autem
1130 575 1181 617 me
1199 574 1287 618 com-

111 650 227 734 plexus
252 650 349 731 atque
373 643 524 709 osculans
547 642 624 706 flere
646 641 851 724 prohibebat.

202 737 230 800 7.
268 736 375 816 Atque
399 751 460 815 ego
484 733 521 794 ut
544 731 684 813 primum
706 729 784 794 fletu
801 750 948 812 represso
968 729 1060 814 ioqui
1078 751 1174 812 posse
1194 730 1286 812 coepi
1306 749 1321 798 1

111 823 255 909 ‘quaeso'
288 823 421 905 inquam
458 818 568 902 ‘pater
600 817 804 882 sanctissime
836 820 933 901 atque
965 817 1101 900 optime,
1134 818 1286 901 quoniam

111 913 193 977 haec
212 915 263 976 est
280 910 359 992 vita,
380 911 418 972 ut
431 907 623 972 Africanum
641 904 737 970 audio
757 905 872 987 dicere,
894 905 971 988 quid
989 927 1099 970 moror
1116 906 1151 970 in
1169 904 1286 970 terris?

110 1002 190 1085 quin
218 1000 281 1064 huc
311 997 352 1062 ad
381 1018 439 1061 ros
466 995 576 1059 venire
603 992 782 1078 propero‘?'
820 991 912 1058 ‘Non
935 996 986 1057 est
1008 992 1071 1059 ita’
1095 994 1200 1078 inquit
1222 994 1287 1058 ilie.

112 1088 201 1153 ‘Nisi
230 1087 317 1151 enim
341 1085 418 1150 deus
442 1083 484 1167 is,
514 1083 604 1147 cuius
627 1082 690 1147 hoc
712 1083 870 1165 templum
893 1085 944 1146 est
965 1103 1074 1161 omne,
1103 1082 1188 1166 quod
1212 1104 1286 1148 con-

113 1177 228 1260 spicis,
257 1174 331 1238 istis
358 1176 391 1236 te
419 1171 565 1254 corporis
594 1169 751 1236 custodiis
779 1169 977 1254 liberaverit,
1003 1170 1068 1235 huc
1096 1171 1158 1235 tibi
1181 1171 1285 1235 aditus
1308 1192 1340 1240 ιο

113 1268 225 1350 patere
248 1284 316 1327 non
338 1263 456 1344 potest.
493 1259 652 1325 Homines
676 1259 762 1323 enim
786 1261 863 1322 sunt
880 1259 942 1323 hac
961 1258 1033 1343 lege
1052 1259 1208 1343 generati,
1232 1261 1287 1344 qui

109 1489 192 1544 Tusc.
212 1488 278 1542 175
298 1485 396 1555 quiin
414 1482 596 1556 compedibus
616 1500 674 1538 cor·
727 1500 810 1608 goras
838 1483 952 1565 iniussu,
970 1484 1161 1565 imperatoris,
1189 1484 1220 1538 id
1244 1486 1288 1538 est

111 1559 189 1630 poris
209 1574 319 1627 semper
336 1555 458 1610 fuerunt.
748 1554 787 1621 ei,
807 1554 842 1607 de
861 1555 1003 1624 praesidio
1022 1558 1052 1610 et
1069 1556 1192 1611 statione
1209 1554 1287 1609 vitae

149 1637 172 1684 1.
192 1635 281 1684 oestro
305 1644 367 1683 cero
391 1657 424 1666 -
447 1628 505 1682 cito
530 1641 602 1681 mora
626 1632 672 1681 est.
728 1625 880 1681 decedere.'
917 1625 1027 1680 Anders
1058 1626 1212 1682 urtheilten
1241 1625 1287 1679 die

109 1719 139 1771 p.
160 1700 253 1754 Scaur.
273 1705 290 1753 4
315 1697 444 1752 Socrates
464 1696 517 1750 illo
536 1696 599 1766 ipro
618 1695 673 1762 die,
729 1695 849 1763 Stoiken
864 1696 971 1750 welche
986 1697 1041 1750 den
1056 1696 1230 1752 Selbsinnord
1243 1695 1289 1750 fiir

112 1787 170 1840 quo
194 1771 254 1824 erat
273 1768 300 1823 ei
317 1767 509 1833 moriundum,
532 1767 675 1836 permulta
728 1766 1288 1837 denFaligestatteten,dassUmsthndc

110 1841 252 1910 disputat,
270 1839 344 1892 hanc
363 1854 424 1892 esse
441 1839 570 1904 mortem,
590 1853 674 1905 quam
728 1837 775 1891 die
798 1837 880 1891 nicht
896 1837 927 1891 in
946 1838 996 1892 der
1014 1837 1125 1893 Gewalt
1143 1839 1192 1893 des
1211 1837 1288 1893 Men·

110 1928 163 1965 nos
182 1911 272 1965 vitam
288 1911 463 1979 putaremus⁸
480 1924 543 1962 cum
556 1923 674 1977 corpore
728 1907 816 1961 schen
831 1907 935 1977 liegen,
954 1908 1010 1963 den
1022 1909 1146 1964 Austritt
1159 1926 1209 1964 sus
1224 1910 1288 1964 dem

111 1981 222 2036 animus
249 1981 394 2047 tamquam
422 1994 532 2032 carcerc
561 1979 674 2048 saeptus
727 1977 822 2032 Leben
844 1979 1102 2035 wdnschenswerth
1124 1981 1288 2035 erscheinen

113 2053 269 2119 teneretur,
293 2049 383 2104 vitam
405 2050 501 2103 autem
523 2065 584 2103 esse
603 2062 674 2117 eam,
727 2050 828 2103 lescen.

111 2140 175 2177 cum
199 2121 276 2176 idem
298 2120 407 2174 animus
427 2119 529 2174 vinclis
548 2119 673 2190 corporis
740 2142 743 2146 Δ
762 2121 891 2189 termium
905 2119 1118 2192 (vonzinsem),
1137 2127 1287 2193 urspring-

110 2193 247 2247 liberatus
270 2190 302 2245 in
324 2207 388 2245 eum
412 2207 441 2244 se
464 2189 569 2257 locum,
585 2189 674 2246 ¹unde
727 2188 787 2243 lich
796 2189 879 2259 jeder
892 2190 1096 2261 abgesonderte
1108 2193 1207 2261 Reum,
1227 2209 1287 2263 spe·
1380 2209 1384 2215 ·

113 2264 190 2319 esset
208 2264 299 2329 ortus,
319 2261 489 2343 rettulissem
512 2261 621 2342 Tusci
640 2265 673 2315 76
729 2259 794 2341 ciell
813 2261 864 2315 der
876 2260 975 2343 Reum,
995 2264 1058 2345 den·
1068 2264 1118 2319 der
1131 2264 1229 2335 Augur
1242 2282 1288 2319 am

111 2349 255 2459 diiii
277 2349 453 2457 vitiandis
473 2332 676 2470 {uidimtti
713 2330 1130 2460 'Qirmisiiidtiii
1146 2337 1288 2478 11188111

112 2491 188 2529 mors
213 2475 269 2541 est;
295 2472 354 2528 car.
373 2492 410 2528 m.
431 2479 463 2528 77
488 2489 542 2543 ego
565 2473 674 2527 vestros
727 2472 1007 2542 Vdgelbeobaohtet.
1027 2477 1110 2531 Dann
1118 2479 1288 2560 iibertragen

110 2547 221 2616 patres,
240 2544 270 2598 P.
290 2543 399 2613 Scipio,
417 2546 518 2612 tuque,
539 2542 566 2598 C.
585 2542 674 2610 Laeli,
729 2543 891 2613 (besonders
910 2545 957 2599 bei
971 2545 1126 2618 Dichtern),
1145 2549 1199 2604 wie
1217 2550 1287 2614 hier,

111 2614 208 2670 vivere
233 2614 354 2669 arbitror
373 2615 402 2668 et
420 2630 482 2668 eam
501 2612 615 2681 quidem
633 2612 674 2667 vi·
728 2629 794 2669 vom
820 2613 954 2684 Weltall‚
982 2617 1065 2687 jeder
1091 2619 1173 2687 ficio,
1203 2620 1287 2675 weite

112 2687 272 2754 tam‚=quae
287 2687 332 2739 est
346 2685 407 2738 sola
420 2684 481 2739 rita
494 2683 674 2739 nominanda.
728 2684 820 2738 Reum
840 2685 895 2740 mit
917 2687 982 2743 dom
999 2689 1215 2760 Nebenbegriffe
1240 2692 1289 2745 der

149 2763 175 2812 7.
197 2757 272 2826 Quia
290 2762 322 2811 ta
336 2758 447 2824 apicis,
466 2771 571 2809 warum
586 2754 676 2809 siehst
728 2754 893 2825 Heih'glreit.
931 2757 968 2812 So
990 2759 1080 2815 heisst
1098 2762 1148 2816 der
1165 2762 1288 2816 Himmei

111 2827 151 2881 du
163 2826 245 2880 nicht
259 2853 292 2872 =
308 2825 342 2892 θ1,
358 2842 389 2880 so
404 2825 481 2879 siehe
496 2825 578 2879 doch.
600 2825 676 2894 Quia
728 2825 760 2879 in
781 2825 897 2881 Ennius’
920 2828 1051 2884 Annalen
1073 2831 1141 2900 (Cic.
1161 2833 1255 2888 Diria.
1275 2834 1287 2885 I

112 2896 184 2950 wird
201 2896 233 2949 iu
245 2895 429 2966 ungeduldig‚
448 2895 558 2950 lebhait
571 2894 674 2950 aufior·
728 2899 774 2967 41)
789 2897 862 2950 caeli
876 2900 989 2953 caerula
1002 2903 1118 2972 templa,
1133 2904 1179 2958 die
1189 2904 1288 2959 Unter-

111 2967 238 3022 dernden
247 2966 357 3037 Fragen
368 2966 423 3020 mit
437 2967 502 3020 dem
511 2966 673 3020 IudPraes.
728 2967 797 3022 welt
818 2967 849 3021 in
871 2968 987 3024 Ennius'
1009 2972 1207 3029 Andromacha
1225 2976 1287 3044 (Lu-

111 3038 290 3104 verbunden‚
310 3037 363 3091 wie
382 3043 397 3103 ἕ
417 3045 432 3092 7
452 3036 521 3105 quin
538 3038 593 3090 huc
612 3053 674 3107 pro·
729 3039 796 3092 oret.
811 3039 824 3091 I
840 3042 902 3108 120)
916 3041 1091 3098 Acherunsia
1108 3047 1216 3116 templa
1229 3047 1288 3100 alte

63 3112 70 3125 ‘
111 3124 189 3180 pero.
729 3107 795 3162 Orci
813 3109 871 3162 und
890 3110 940 3164 das
959 3111 1036 3167 Meer
1053 3114 1101 3169 bei
1119 3116 1210 3170 Plaut.
1227 3117 1286 3172 Mil.

149 3186 174 3234 5.
194 3180 269 3250 loqui
282 3195 362 3250 posce
381 3179 464 3248 coepi,
484 3177 529 3232 die
550 3177 673 3248 Sprache
727 3179 766 3248 gl.
786 3179 813 3231 Π
830 3184 860 3246 ὅ,
880 3187 896 3236 3
919 3183 1027 3253 templa
1044 3185 1196 3256 Neptunia.
1221 3189 1286 3260 Vgl.

112 3249 220 3304 wieder
237 3248 313 3303 iand.
728 3255 743 3315 ξ
762 3255 778 3303 9
797 3266 890 3305 nonne
909 3253 1021 3323 aspicis,
1042 3272 1112 3324 quae
1131 3257 1162 3310 in
1180 3260 1288 3330 templa

149 3327 173 3375 6.
193 3321 370 3375 θαθιθιὶθθ1πιθ.
399 3320 513 3373 sanctus
527 3336 584 3374 von
597 3318 674 3373 Men·
728 3319 838 3374 ven‘eris
857 3339 883 3376 u.
898 3329 913 3388 ξ
926 3332 957 3379 16
972 3341 1035 3379 cum
1049 3325 1162 3382 Romuli
1176 3330 1287 3385 animus
1400 3374 1401 3378 ,

111 3390 208 3457 schen,
219 3389 265 3474 die
277 3389 384 3458 edelen‚
395 3388 592 3473 reinesSinnee
603 3389 673 3470 sind.
727 3389 798 3444 haec
816 3390 879 3462 ipsa
896 3392 927 3446 in
944 3396 1054 3467 templa
1071 3401 1239 3468 penetravit.

114 3462 363 3585 ididam
373 3460 584 3584 1111177
598 3460 674 3514 Μ
728 3468 1223 3604 redimemini?
1238 3490 1287 3598 ii

130 3609 173 3677 ,8.
194 3600 261 3656 Noa
278 3609 317 3657 est
335 3604 385 3668 ita,
404 3600 485 3655 nicht
503 3617 542 3656 so.
728 3601 863 3672 Kdrpers‚
891 3623 923 3660 au
949 3614 1000 3674 §6
1025 3610 1075 3677 qui
1099 3628 1114 3664 e
1141 3629 1287 3682 corporum

149 3678 174 3726 9,
194 3671 261 3726 Nisi
278 3674 350 3727 caim
368 3674 434 3728 deus
452 3674 477 3727 ie
494 3671 521 3726 ff.
558 3672 601 3725 Im
618 3672 674 3726 An-
728 3672 857 3729 vinculis.

112 3741 222 3795 schluss
233 3758 269 3795 an
279 3742 325 3796 die
335 3742 526 3811 Pythagoreer
537 3742 609 3795 wird
618 3759 675 3796 ron
765 3751 806 3798 11.
825 3746 877 3800 too
891 3748 946 3818 leae
955 3774 989 3795 ==
999 3749 1053 3804 hac
1071 3753 1240 3821 conditione,
1255 3773 1288 3810 au

111 3812 195 3866 Plato
214 3811 260 3866 die
279 3811 405 3866 sittliche
421 3812 611 3881 Zuitssiglreit
624 3812 673 3867 des
728 3814 778 3867 der
795 3815 992 3887 Bestimmung
1009 3821 1046 3872 ad
1064 3820 1140 3877 Fam.
1159 3824 1186 3877 V
1204 3833 1251 3892 16,
1271 3834 1286 3881 2

112 3882 320 3937 Selbstmordes
352 3882 494 3949 verneint‚
527 3882 592 3937 wei]
624 3883 675 3936 der
726 3883 1286 3960 homines...ealegenatoautomnibus

111 3952 229 4006 Mensch
244 3953 314 4008 Gott
327 3953 468 4023 angehdre
482 3955 541 4007 und
554 3953 673 4008 deshalb
726 3953 792 4007 telis
824 3955 952 4013 fortunae
984 3963 1130 4031 proposita
1163 3966 1201 4020 sit
1227 3967 1288 4022 vita

112 4023 170 4077 den
196 4023 256 4077 ihm
282 4024 497 4093 angewiesenen
521 4023 572 4078 Ort
593 4024 674 4078 nicht
726 4027 830 4081 nostra.

113 4093 323 4164 eigenm‘achtig
336 4095 479 4148 verlassen
493 4093 580 4149 diirie.
600 4095 672 4150 Plat.
762 4099 812 4166 qui
833 4105 973 4156 tuerentur
995 4101 1023 4156 ff.
1069 4105 1151 4160 Nach
1174 4108 1224 4160 der
1245 4110 1287 4163 te·

112 4163 228 4218 Phaedo
240 4182 274 4288 p.
295 4165 362 4219 seb
381 4161 418 4227 ὡς
438 4164 469 4220 ἔν
486 4186 542 4219 τινι
561 4167 673 4253 φρουρᾷ
726 4166 921 4250 leologischen
946 4172 1067 4229 Ansicht
1098 4177 1148 4230 der
1176 4177 1288 4233 Stoiker

114 4231 238 4306 ἐσμενο
276 4230 426 4301 ἄνθρωποι
448 4236 497 4291 καὶ
520 4231 555 4291 οὗ
574 4238 621 4291 δεῖ
637 4240 673 4307 δη
726 4236 766 4290 ist
789 4239 835 4292 dre
853 4240 933 4296 Welt
951 4243 1000 4297 des
1018 4245 1171 4301 Mensohen
1188 4265 1287 4319 wegen

113 4299 219 4360 ἔαυτόν
239 4301 271 4360 ἐκ
290 4302 394 4374 ταύτης
411 4303 498 4374 λύειν,
517 4301 582 4361 οὐδ’
602 4303 673 4361 ἄπο·
727 4309 895 4379 geschaffen,
915 4313 1005 4369 demit
1023 4316 1115 4370 dieser
1132 4318 1193 4373 ihre
1211 4337 1286 4376 wun-

112 4372 290 4443 dtdooiouem
311 4374 363 4428 eat
378 4394 414 4430 m.
431 4383 463 4431 73
478 4378 558 4431 vetat
570 4377 673 4446 Pytha—
727 4378 844 4436 derbare
858 4382 994 4455 Ordnung
1007 4387 1064 4440 und
1075 4387 1288 4444 Schdnheithe-

167 4472 281 4527 cicero,
296 4473 413 4515 Somnium
427 4474 549 4528 Scipionis,
563 4477 597 4519 ed.
611 4476 730 4518 Meirrner.
1067 4479 1092 4524 ‘h
