2850 4784
492 224 635 281 Somnium
655 223 793 295 Scipionis
811 224 852 278 ΙΠ
871 230 895 280 8.
1237 219 1279 283 19

108 392 266 456 iustitiam
290 392 358 455 cole
382 394 415 454 et
436 390 608 473 pietatem,
638 409 718 473 quae
742 409 815 452 cum
837 407 956 471 magna
978 386 1013 449 in
1034 385 1224 468 parentibus
1248 387 1281 447 et

107 480 312 564 propinquis,
341 482 412 544 tum
442 479 477 542 in
505 478 614 561 patria
642 480 785 541 maxima
814 478 873 541 est.
918 473 970 538 Ea
996 474 1146 538 vita'via
1175 473 1281 537 estin

109 569 235 633 caelum
259 570 292 632 et
313 568 348 631 in
369 567 457 631 hunc
480 570 606 632 coetum
626 586 747 648 eorum,
770 564 826 648 qui
843 564 909 627 iam
927 563 1076 628 vixerunt
1094 566 1127 625 et
1146 582 1281 645 corpore

107 657 210 722 laxati
241 655 336 720 illum
367 655 515 719 incolunt
547 655 667 737 locum,
700 675 797 738 quem
824 650 930 716 vides'
955 687 997 698 -
1022 653 1092 714 eret
1121 653 1230 715 autem
1254 649 1282 712 is

109 744 369 829 splendidissimo
393 742 532 808 candore
555 743 639 806 inter
661 742 810 806 flammas
833 741 936 804 circus
961 739 1152 804 elucens-
1176 738 1318 821 ‘querno

108 856 184 917 vos,
216 836 252 896 ut
280 831 416 896 aGrais
446 831 631 914 accepistis,
663 830 775 895 orbem
801 830 943 893 lacteum
971 825 1188 911 nuncupatis?
1233 826 1285 891 Ex

109 943 173 1006 quo
207 921 318 985 omnia
349 919 431 983 mihi
464 918 698 1002 contemplanti
728 918 894 1001 praeclare
926 920 1034 980 cetera
1061 919 1094 979 et
1120 915 1285 979 mirabilia

109 1010 302 1074 videbantur
322 1044 360 1053 —-
383 1011 476 1072 erant
499 1011 607 1072 autem
631 1028 687 1071 eae
711 1006 831 1084 stellae,
855 1026 934 1088 quas
957 1025 1136 1088 numquam
1159 1025 1198 1067 ex
1220 1003 1283 1068 hoe

109 1099 181 1162 loco
211 1097 365 1180 vidimus,
394 1100 427 1160 et
454 1117 511 1160 eae
538 1094 776 1180 magnitudines
806 1093 964 1175 omnium,
994 1114 1074 1176 quas
1097 1113 1167 1156 esse
1191 1114 1283 1155 num·

111 1207 208 1269 quam
233 1185 389 1268 suspicati
413 1206 533 1268 sumus,
556 1205 596 1247 ex
618 1183 734 1268 quibus
754 1185 823 1246 erat
841 1202 880 1245 ea
897 1182 1041 1264 minima,
1064 1201 1145 1264 quae
1164 1181 1281 1244 ultima
1301 1192 1336 1240 lc

111 1296 130 1338 a
149 1274 247 1358 caelo,
266 1273 377 1337 citima
395 1273 489 1337 terris
507 1272 580 1336 luce
598 1273 730 1338 lucebat
748 1271 862 1353 aliena,
883 1270 1050 1334 stellarum
1070 1272 1178 1333 autem
1194 1269 1284 1353 globi

109 1369 216 1426 terrae
243 1359 504 1445 magnitudinem
532 1360 629 1424 facile
655 1360 832 1424 vincebant
858 1394 902 1405 -
929 1359 996 1422 iam
1023 1357 1096 1441 ipsa
1123 1360 1211 1420 terra
1238 1358 1286 1420 ita
1347 1400 1353 1407 -

109 1449 191 1534 mihi
213 1471 316 1532 parva
337 1448 410 1512 visa
433 1451 492 1531 est,
513 1450 551 1511 ut
573 1469 625 1530 me
647 1448 776 1531 imperii
798 1447 912 1529 nostri,
935 1468 998 1530 quo
1018 1446 1111 1529 quasi
1128 1448 1284 1528 punctum

113 1539 181 1603 eius
206 1537 407 1622 attingimus,
429 1536 618 1620 paeniteret.

146 1699 171 1773 J.
204 1694 347 1761 pietutem,
385 1691 431 1745 ein
462 1690 591 1772 ueiterer
619 1691 671 1745 Be·
726 1689 1287 1771 Griecnhen‘alsblossethnographischer

110 1761 672 1912 dddhdtffldd‘ttffdkddnffi}
725 1759 1286 1911 subticuissemus

110 1904 150 1957 ist
163 1920 254 1973 gegen
268 1903 437 1973 diejenigen,
451 1904 505 1956 mrt
519 1903 609 1956 denen
620 1903 672 1956 wir
724 1902 779 1957 mit
806 1902 867 1956 Lob
899 1902 942 1955 als
969 1902 1020 1954 das
1049 1902 1200 1955 classische
1229 1902 1286 1955 und

111 1973 200 2028 durch
213 1973 320 2043 heilige
329 1973 427 2027 Bande
441 1972 594 2043 verkm'ipft
608 1972 671 2026 sind
725 1972 904 2027 Heldenvolk
920 1972 970 2026 der
982 1972 1105 2040 Voraeit,
1124 1972 1178 2026 wie
1192 1990 1239 2025 um
1260 1989 1286 2026 e-

110 2047 213 2114 (gegen
245 2043 328 2111 Gott,
364 2043 532 2110 Vaterland‚
563 2042 670 2111 Eltern,
725 2043 810 2096 kehrt
834 2043 965 2098 Graeculi
987 2041 1041 2096 mit
1058 2041 1146 2097 Tadel
1170 2043 1212 2096 als
1236 1990 1286 2096 das

110 2114 225 2183 Kinder,
245 2113 442 2182 Geschwister,
460 2114 649 2183 Verwandte).
728 2115 866 2168 entartete
884 2113 961 2168 Vollr
983 2131 1031 2166 zur
1050 2113 1112 2167 Zeit
1135 2113 1185 2167 der
1202 2114 1287 2167 remi-

146 2188 178 2239 in
204 2186 369 2254 pareatibus
394 2183 423 2242 ff.
456 2185 486 2236 in
518 2184 573 2238 den
605 2184 672 2238 Ver·
727 2185 813 2239 schen
831 2183 1057 2239 Schriftsteller’.
1086 2183 1264 2241 Doederlein.

110 2255 269 2309 htltnissen
286 2255 443 2322 zuEltern‚
462 2271 592 2309 uermes
611 2255 672 2309 sich
762 2257 851 2310 orbem
882 2258 1010 2322 lacteam,
1047 2253 1152 2324 griech.
1187 2252 1203 2309 ὁ
1236 2276 1286 2325 γα-

110 2325 229 2380 handelt
252 2343 301 2378 um
316 2369 321 2381 .
337 2369 342 2380 .
359 2367 365 2378 .
400 2325 591 2380 Verschieden
605 2343 672 2380 ron
725 2327 823 2392 λαξίας
842 2343 878 2379 sc.
893 2322 1004 2396 κύκλος,
1024 2325 1071 2379 die
1084 2324 1286 2392 Milchstrasse,

110 2397 140 2450 in
159 2397 227 2450 oder
245 2413 313 2466 erga
329 2398 474 2466 parentes,
498 2397 535 2448 da
552 2397 671 2450 ersteres
726 2396 772 2451 die
791 2396 851 2450 also
870 2395 991 2450 hiereis
1009 2395 1158 2451 Wohnsitu
1176 2397 1287 2450 derSe-
1353 2424 1360 2437 ·

111 2467 158 2520 die
178 2466 284 2536 Sphtre
307 2467 484 2533 bezeichnet,
507 2466 538 2519 in
556 2467 608 2520 der
624 2466 671 2521 die
724 2467 804 2538 ligen
819 2467 943 2536 gedacht
955 2466 1002 2521 ist.
1030 2466 1142 2521 Andere
1156 2466 1287 2522 Bezeich-

112 2536 276 2606 Gesinnung
308 2537 358 2591 der
384 2537 479 2591 Pietbt
506 2536 567 2590 sich
594 2536 672 2590 kund
725 2554 839 2607 nungen
862 2537 925 2591 sind
948 2539 1068 2592 circatis
1091 2540 1192 2593 lactem
1215 2538 1286 2592 Plin.

110 2607 198 2677 giebt.
234 2606 285 2661 off.
305 2608 332 2660 11
351 2615 384 2663 62
407 2607 573 2677 propensior
595 2608 672 2661 beni·
725 2607 792 2663 hist.
815 2611 872 2662 nat.
897 2608 962 2661 XIX
985 2615 1032 2674 29,
1055 2611 1102 2662 cia
1124 2611 1211 2664 lactea
1235 2608 1285 2663 Ov.

111 2677 206 2747 gnitas
225 2694 287 2731 esse
306 2678 423 2732 debebit
440 2680 472 2732 ia
486 2677 671 2734 calamitosos.
726 2678 840 2733 Metam.
859 2679 873 2732 I
893 2685 951 2734 169.

111 2750 144 2801 In
166 2751 203 2803 iis
225 2750 333 2816 tamen,
356 2750 405 2817 qui
429 2765 459 2802 se
478 2748 606 2803 adiuvari
624 2765 672 2803 vo·
763 2756 787 2805 7.
807 2757 903 2816 caera,
922 2749 1089 2819 wiehtufig,
1103 2750 1286 2820 proleptisch‚

111 2819 228 2872 lent-
251 2818 377 2872 restricti
403 2834 463 2873 esse
486 2819 672 2874 nullomodo
726 2819 766 2873 im
780 2819 938 2890 Gegensatz
956 2821 1097 2875 carimde.
1127 2821 1203 2875 Statt
1220 2821 1287 2875 aber

111 2889 254 2946 debemus.
520 2922 522 2927 .
726 2889 781 2944 mit
802 2898 877 2946 terra
898 2908 960 2946 cero
983 2889 1185 2959 fornufahren,
1208 2891 1288 2946 fnhrt

147 2967 172 3014 2.
190 2966 250 3014 trun
262 2961 402 3030 inpetriri
409 2962 532 3016 munima
540 2968 586 3016 est.
605 2959 670 3030 Vgl.
726 2960 781 3016 Cic.
801 2961 856 3015 den
875 2960 1032 3031 Gegensatz
1050 2962 1123 3015 nach
1142 2963 1197 3016 den
1216 2963 1286 3016 Zwi-

111 3037 173 3095 §21
194 3031 260 3083 sunt
277 3032 373 3085 autem
390 3047 408 3084 o
428 3030 515 3085 timae
534 3047 616 3085 curae
635 3031 670 3084 de
725 3033 907 3086 schensttzen
919 3031 973 3085 mit
987 3031 1064 3087 einer
1077 3032 1201 3086 leichten
1213 3033 1286 3087 Ana-

112 3101 203 3154 saiute
221 3101 344 3170 patriae3
369 3101 392 3156 Ο
415 3103 466 3168 ,1,
484 3106 519 3157 57
540 3101 670 3156 Omnium
724 3103 850 3157 coluthie
872 3103 961 3155 durch
982 3105 1040 3158 iam
1057 3105 1120 3173 abac
1138 3110 1212 3158 terra
1231 3104 1285 3158 ein.

111 3170 279 3252 societatum
297 3171 377 3224 nulla
395 3173 439 3225 est
452 3172 573 3242 gravior,
591 3172 672 3226 nulla
760 3173 1017 3241 camaeleonti.
1028 3173 1285 3258 vonderltrdeaus.

109 3258 316 3366 {urrisu
330 3258 670 3394 {tinniunt
724 3246 892 3370 sedutti
911 3245 1285 3383 studentur

111 3385 178 3436 sunt
215 3384 337 3451 arentes,
362 3399 420 3437 carr
438 3383 534 3451 hiran,
556 3383 671 3466 propin·
726 3385 794 3438 solis
813 3400 938 3440 accensa.

111 3452 168 3522 qui,
198 3452 349 3520 amiliares‚
369 3455 533 3508 sedomnes
548 3472 672 3508 omnium
762 3463 803 3511 12.
822 3457 913 3524 facile,
928 3455 1088 3526 unstreitig‚
1102 3457 1286 3511 zurVerstdr-

111 3523 243 3578 caritates
266 3524 360 3594 patria
379 3541 436 3578 una
455 3525 601 3595 complexa
619 3527 671 3582 est
725 3525 803 3596 lnmg
821 3526 898 3580 eines
913 3526 1087 3597 Superlativs
1104 3528 1173 3581 oder
1186 3527 1285 3598 Super·

109 3595 233 3649 Beachte
253 3595 308 3649 den
322 3594 468 3650 Chiasmns
486 3595 546 3649 und
559 3595 670 3650 imFol·
725 3596 950 3666 lativsbegriffes.
996 3597 1065 3668 Rep.
1094 3598 1108 3650 I
1134 3605 1168 3654 37
1201 3597 1285 3652 facile

111 3665 222 3734 genden
245 3665 292 3720 die
316 3665 466 3721 zwieiache
489 3666 671 3721 Alliteration
725 3683 821 3722 omnes
835 3667 950 3736 viceris3
969 3668 1049 3722 Tusc.
1064 3669 1125 3724 181
1140 3667 1224 3723 facile
1239 3669 1285 3723 de·

111 3738 182 3803 (cita
200 3767 233 3774 —
251 3739 314 3804 νέα,
332 3740 436 3793 caedem
454 3769 488 3777 ·-
507 3741 630 3806 coctura).
724 3738 864 3794 terrimus.

146 3813 171 3863 3.
190 3823 300 3876 corpore
323 3809 425 3874 lanati,
453 3825 487 3860 uu
510 3814 560 3874 §6
584 3807 670 3875 quie
759 3811 830 3877 wan,
858 3809 921 3863 hier
948 3810 1003 3863 mit
1026 3809 1194 3880 Steigenmg
1217 3810 1285 3865 fort-

109 3894 258 3947 corporum
284 3877 414 3933 vinculis.
455 3876 513 3931 Der
540 3877 671 3947 singular
723 3877 843 3933 fahrend
873 3905 907 3926 =
937 3879 1076 3935 vollends.
1118 3879 1199 3935 Tusc
1227 3884 1241 3937 I
1268 3889 1284 3937 2

110 3965 230 4017 corpore,
239 3946 305 4002 weil
313 3965 412 4018 corpus
420 3948 670 4016 abstract(=·Ktr·
723 3949 783 4003 Iam
801 3948 860 4018 illa,
880 3967 951 4018 quae
969 3952 1082 4017 natura,
1106 3967 1163 4005 non
1180 3951 1284 4006 litteris

108 4017 289 4089 perlichkeit)
312 4037 346 4072 au
363 4018 457 4073 fassen
475 4018 522 4074 ist.
558 4018 669 4074 Ebenso
723 4020 851 4074 adsecuti
874 4022 952 4087 sunt,
974 4037 1065 4090 neque
1085 4039 1148 4075 cum
1167 4022 1285 4076 Graecia

109 4095 177 4154 §21
197 4088 292 4156 animi,
311 4089 360 4158 qui
378 4107 408 4144 se
427 4089 553 4160 corporis
571 4091 669 4160 volup·
724 4107 815 4159 neque
841 4091 902 4144 ulla
930 4109 992 4145 cum
1020 4093 1104 4161 gente
1132 4094 1198 4146 sunt
1220 4109 1284 4147 con·

109 4159 217 4213 tatibus
236 4159 412 4215 dediderunt.
724 4160 848 4218 ferenda.

146 4238 170 4284 4.
191 4237 289 4297 amm,
308 4248 341 4284 zu
360 4237 375 4297 ξ
394 4238 418 4286 3.
763 4239 803 4288 lt
818 4234 979 4312 paeniteret,
999 4233 1070 4301 hier,
1084 4233 1138 4287 wie
1153 4233 1284 4288 biters==

146 4308 170 4356 5.
189 4303 323 4370 mmor,
342 4301 388 4354 die
408 4300 546 4356 Gestime.
725 4301 906 4357 unzufrreden
923 4320 990 4373 war,
1007 4303 1088 4357 nicht
1103 4305 1183 4358 mehr
1195 4304 1284 4374 gesal-

147 4378 170 4429 6.
193 4371 285 4428 Grais.
311 4371 425 4428 ‘Graeca'
442 4371 608 4427 bezeichnet
625 4371 670 4426 die
724 4372 772 4426 len
785 4373 890 4429 wollte.
920 4373 979 4430 Oet.
993 4391 1030 4428 m.
1047 4381 1079 4430 19
1098 4375 1173 4429 Num
1187 4375 1283 4446 igitur,

1033 4465 1074 4516 <ff
